<record><leader>00000cas a2200000 a 4500</leader><controlfield tag="001">33358156</controlfield><controlfield tag="008">951025d19501959nyuwr ne      0    0eng c</controlfield><datafield ind1=" " ind2=" " tag="010"><subfield code="a">sn 95071417 </subfield></datafield><datafield ind1=" " ind2=" " tag="040"><subfield code="a">NYS</subfield><subfield code="b">eng</subfield><subfield code="c">NYS</subfield><subfield code="d">OCLCQ</subfield><subfield code="d">NYS</subfield><subfield code="d">OCLCQ</subfield><subfield code="d">OCLCF</subfield><subfield code="d">OCLCO</subfield></datafield><datafield ind1="1" ind2=" " tag="029"><subfield code="a">AU@</subfield><subfield code="b">000025541999</subfield></datafield><datafield ind1=" " ind2=" " tag="042"><subfield code="a">pcc</subfield></datafield><datafield ind1=" " ind2=" " tag="043"><subfield code="a">n-us-ny</subfield></datafield><datafield ind1="0" ind2="0" tag="245"><subfield code="a">New Hyde Park herald.</subfield></datafield><datafield ind1=" " ind2=" " tag="260"><subfield code="a">New Hyde Park, N.Y. :</subfield><subfield code="b">Jack Oelberger and Frank Krauch</subfield></datafield><datafield ind1=" " ind2=" " tag="300"><subfield code="a">v.</subfield></datafield><datafield ind1=" " ind2=" " tag="310"><subfield code="a">Weekly</subfield></datafield><datafield ind1="1" ind2=" " tag="362"><subfield code="a">Began in 1950; ceased in 1959?</subfield></datafield><datafield ind1=" " ind2=" " tag="500"><subfield code="a">"Serving the town of Hempstead and Nassau County since 1938."</subfield></datafield><datafield ind1=" " ind2=" " tag="588"><subfield code="a">Description based on: Vol. 13, no. 10 (Aug. 18, 1950).</subfield></datafield><datafield ind1=" " ind2=" " tag="588"><subfield code="a">Latest issue consulted: Vol. 17, no. 26 (Dec. 9, 1954).</subfield></datafield><datafield ind1=" " ind2="0" tag="651"><subfield code="a">New Hyde Park (N.Y.)</subfield><subfield code="v">Newspapers.</subfield></datafield><datafield ind1=" " ind2="0" tag="651"><subfield code="a">Nassau County (N.Y.)</subfield><subfield code="v">Newspapers.</subfield></datafield><datafield ind1=" " ind2="7" tag="655"><subfield code="a">Newspapers.</subfield><subfield code="2">fast</subfield><subfield code="0">(OCoLC)fst01423814</subfield></datafield><datafield ind1=" " ind2="7" tag="651"><subfield code="a">New York (State)</subfield><subfield code="z">Nassau County.</subfield><subfield code="2">fast</subfield><subfield code="0">(OCoLC)fst01205518</subfield></datafield><datafield ind1=" " ind2="7" tag="651"><subfield code="a">New York (State)</subfield><subfield code="z">New Hyde Park.</subfield><subfield code="2">fast</subfield><subfield code="0">(OCoLC)fst01224134</subfield></datafield><datafield ind1=" " ind2=" " tag="752"><subfield code="a">United States</subfield><subfield code="b">New York</subfield><subfield code="c">Nassau</subfield><subfield code="d">New Hyde Park.</subfield></datafield><datafield ind1="0" ind2="0" tag="780"><subfield code="t">Hillside herald</subfield><subfield code="w">(DLC)sn 95071416</subfield><subfield code="w">(OCoLC)33357691</subfield></datafield><datafield ind1="0" ind2="7" tag="785"><subfield code="t">Courier (New Hyde Park, N.Y.)</subfield><subfield code="w">(DLC)sn 95071419</subfield><subfield code="w">(OCoLC)33360789</subfield></datafield><datafield ind1="0" ind2="7" tag="785"><subfield code="t">Herald courier (New Hyde Park, N.Y.)</subfield><subfield code="w">(DLC)sn 95071420</subfield><subfield code="w">(OCoLC)33361414</subfield></datafield></record>